@misc{PlatypOUsGIT,
	author = {{ABC Robotics}},
	title = {PlatypOUs - Mobile Robot Platform code repository},
	year = {2021},
	publisher = {GitHub},
	journal = {GitHub repository},
	howpublished = {\url{https://github.com/ABC-iRobotics/PlatypOUs-Mobile-Robot-Platform.git}},
	commit = {b0e2dc4d484f998fad84796d639af68b5ebdfbbc}
}

Computationally Relaxed Unscented Kalman Filter

@book{RozsaPalMatrix,
	author = {Rózsa, Pál},
	title = {A mátrixanalízis alapjai},
	ISBN = {978-963-2790-28-2},
	publisher = {Typotex}
}

% General robotics
@article{khatib1987unified,
	title={A unified approach for motion and force control of robot manipulators: The operational space formulation},
	author={Khatib, Oussama},
	journal={IEEE Journal on Robotics and Automation},
	volume={3},
	number={1},
	pages={43--53},
	year={1987},
	publisher={IEEE}
}

@book{angeles2002fundamentals,
	title={Fundamentals of robotic mechanical systems},
	author={Angeles, Jorge and Angeles, J},
	volume={2},
	year={2002},
	publisher={Springer}
}

@misc{ziegel1987numerical,
	title={Numerical recipes: The art of scientific computing},
	author={Ziegel, Eric},
	year={1987},
	publisher={Taylor \& Francis}
}

@book{polyak1987introduction,
	title={Introduction to optimization. optimization software},
	author={Polyak, Boris T},
	publisher={Inc., Publications Division, New York},
	year={1987}
}

% Special mathematical methods
@article{nelder1965simplex,
	title={A simplex method for function minimization},
	author={Nelder, John A and Mead, Roger},
	journal={The computer journal},
	volume={7},
	number={4},
	pages={308--313},
	year={1965},
	publisher={Oxford University Press}
}

@article{shepperd1978quaternion,
	title={Quaternion from rotation matrix},
	author={Shepperd, Stanley W},
	journal={Journal of Guidance and Control},
	volume={1},
	number={3},
	pages={223--224},
	year={1978}
}

@article{householder1964theory,
	title={The theory of matrices in numerical analysis, Blaisdell Publ},
	author={Householder, AS},
	journal={Co., New York},
	year={1964}
}

@article{francis1962qr,
	title={The {QR} transformation},
	author={Francis, John GF},
	journal={The Computer Journal},
	volume={4},
	number={4},
	pages={332--345},
	year={1962},
	publisher={Oxford University Press}
}